@inproceedings{RamseyP2002popl,
  author    = {Norman Ramsey and Avi Pfeffer},
  title     = {Stochastic lambda calculus and monads of probability distributions},
  booktitle = {POPL},
  year      = {2002},
  pages     = {154--165},
  ee        = {http://doi.acm.org/10.1145/503272.503288},
  crossref  = {DBLP:conf/popl/2002},
  bibsource = {DBLP, http://dblp.uni-trier.de}
}

@inproceedings{Gibbons2012utp,
  author    = {Jeremy Gibbons},
  title     = {Unifying Theories of Programming with Monads},
  booktitle = {UTP},
  year      = {2012},
  pages     = {23--67},
  ee        = {http://dx.doi.org/10.1007/978-3-642-35705-3_2},
  crossref  = {DBLP:conf/utp/2012},
  bibsource = {DBLP, http://dblp.uni-trier.de}
}
