@article{vosSavant1990monty,
  author =       {vos Savant, Marilyn},
  year =         {1990},
  month =        {September~9},
  title =        {Ask {M}arilyn},
  journal =      {Parade Magazine},
  number =       {16}
}
